

@article{datasource,
  Title                    = {Formula 1 World Championship (1950 - 2022)},
  Author                   = {Rao, Rohan},
  Url                      = {https://www.kaggle.com/rohanrao/formula-1-world-championship-1950-2020},
  Year                     = {2020},
}

@book{scalabook,
	title     = "Programming in Scala, Fourth Edition",
	author    = "Odersky, Martin and Spoon, Lex and Venners, Bill and Sommers, Frank",
	year      = 2019,
	publisher = "artima"
}

@book{sparkbook,
	title     = "Spark: The Definitive Guide",
	author    = "Chambers, Bill and Zaharia, Matei",
	year      = 2018,
	publisher = "O'Reilly Media, Inc."
}

@book{git,
	title     = "Pro Git, Second Edition",
	author    = "Chacon, Scott and Straub, Ben",
	year      = 2014,
	publisher = "Apress"
}

@misc{Spark,
	title = {Scala Spark API},
	howpublished = {\url{https://spark.apache.org/docs/latest/api/scala/}}
}

@misc{PySpark,
	title = {PySpark API},
	howpublished = {\url{https://spark.apache.org/docs/latest/api/python/}}
}


@misc{ScalaAPI,
	title = {Scala API},
	howpublished = {\url{https://www.scala-lang.org/api/2.13.3/index.html}}
}



@Comment{jabref-meta: databaseType:bibtex;}
