%% LaTeX2e file `tfg.bib'
%% generated by the `filecontents' environment
%% from source `tfg' on 2022/05/12.
%%
 @online{sparkcore,
  author = {QuantumBlack, a McKinsey company},
  title  = {Spark UDF - Deep Insights in Performance},
  date   = {2019-07-22},
  url    = {https://medium.com/quantumblack/spark-udf-deep-insights-in-performance-f0a95a4d8c62}
 }
